@book{handbookvol2,
  editor = {S. Ambramsky and Dov M. Gabbay and T.S.E.Maibaum},
  year = {1992},
  title = {Handbook of Logic in Computer Science, Volume 2: Background: Computational Structures},
  publisher = {Oxford Science Publications}
}

@misc{2swap,
  title = {What is PLUS times PLUS?},
  author = {2swap},
  howpublished = {\url{https://www.youtube.com/watch?v=RcVA8Nj6HEo}},
  note = {Accessed: Spring 2025}
}
